%% This BibTeX bibliography file was created using BibDesk.
%% http://bibdesk.sourceforge.net/


%% Created for Xiangnan Kong at 2016-09-12 19:49:19 -0400 


%% Saved with string encoding Unicode (UTF-8) 
@article{Kempe_Maximizing_2003,
	Author = {Kempe, D and Kleinberg, J and Tardos, {\'E}}, 
	Publisher = {acm},
	Title = {Maximizing the spread of influence through a social network},
	Year = {2003}}

@article{Rodriguez_Inferring_2010,
	Author = {Rodriguez, Gomez M and Leskovec, J},
	Title = {Inferring networks of diffusion and influence},
    journal={KDD},
	Year = {2010}
    }
@article{Campan2008,
	Author = {Alina Campan, Traian Marius Truta},
	Journal = {PinKDD},
	Title = {A Clustering Approach for Data and Structural Anonymity in Social Networks},
	Year = {2008},
	}


@ARTICLE{Cohen2013, 
	author={T. Tassa and D. J. Cohen}, 
	journal={IEEE Transactions on Knowledge and Data Engineering}, 
	title={Anonymization of Centralized and Distributed Social Networks by Sequential Clustering}, 
	year={2013}}

@article{Zhao_Detecting_2014,
	Author = {Zhao, B and Wang, J and Li, M and Wu, {FX} and Pan, Y},
	Journal = {TCBB},
	Title = {Detecting protein complexes based on uncertain graph model},
	Year = {2014}}

@article{Asthana_Predicting_2004,
	Author = {Asthana, S and King, {OD} and Gibbons, {FD} and Roth, {FP}},
	Journal = {Genome research},
	Title = {Predicting protein complex membership using probabilistic network reliability},
	Year = {2004}}

@inproceedings{Sevon_Link_2006,
	Address = {Hinxton, UK},
	Author = {Sevon, Petteri and Eronen, Lauri and Hintsanen, Petteri and Kulovesi, Kimmo and Toivonen, Hannu},
	Month = jul,
	Pages = {35-49},
	Title = {Link discovery in graphs derived from biological databases},
	Year = {2006}}

@article{Kempe_Maximizing_2015,
	Author = {Kempe, D and Kleinberg, J and Tardos, {\'E}},
	Journal = {Theory of Computing},
	Title = {Maximizing the spread of influence through a social network},
	Year = {2015}}

@article{Krogan_Global_2006,
	Author = {Krogan, {NJ} and Cagney, G and Yu, H and Zhong, G and Guo, X},
	Doi = {10.1038/nature04670},
	Journal = {Nature},
	Title = {Global landscape of protein complexes in the yeast Saccharomyces cerevisiae},
	Year = {2006}}

@article{Ghosh_On_2007,
	Address = bvinfocom07,
	Author = {Ghosh, J and Ngo, {HQ} and Yoon, S},
	Title = {On a routing problem within probabilistic graphs and its application to intermittently connected networks},
	Year = {2007}}

@article{Hua_Probabilistic_2010,
	Author = {Hua, M and Pei, J},
	Title = {Probabilistic path queries in road networks: traffic uncertainty aware path selection},
	Year = {2010},
	journal={EDBT}}

@article{Adar_Managing_2007,
	Author = {Adar, E and Re, C},
	Journal = {{IEEE} Data Eng. Bull.},
	Title = {Managing Uncertainty in Social Networks.},
	Year = {2007}}

@article{Liben_Nowell_Kleinberg_2007,
	Author = {Liben Nowell, D and Kleinberg, J},
	Journal = {The American Society for Information Science and Technology},
	Title = {The link prediction problem for social networks},
	Year = {2007}}

@article{Bollacker_Freebase_2008,
	Author = {Bollacker, K and Evans, C and Paritosh, P and Sturge, T},
	Journal ={SIMMOD},
	Title = {Freebase: a collaboratively created graph database for structuring human knowledge},
	Year = {2008}}

@article{Wang_Crowder_2012,
	Author = {Wang, J and Kraska, T and Franklin, {MJ} and Feng, J},
	Title = {CrowdER: Crowdsourcing entity resolution},
	Year = {2012},
    journal={VLDB}}

@article{Kallenberg_Foundations_2006,
	Author = {Kallenberg, Olav},
	Title = {Foundations of modern probability},
	Year = {2006}}

@article{Fraigniaud_2007,
	Author = {Fraigniaud, P},
	Title = {Small worlds as navigable augmented networks: Model, analysis, and validation},
	Year = {2007}}


@article{Parchas_Gullo_Papadias_Bonchi_2014,
	Author = {Parchas and Gullo and Papadias and Bonchi},
	Title = {The pursuit of a good possible world: extracting representative instances of uncertain graphs},
    journal={SIGMOD},
	Year = {2014}}

@article{Boldi_Rosa_Vigna_2011,
	Author = {Boldi, P and Rosa, M and Vigna, S},
	Title = {{HyperANF}: approximating the neighbourhood function of very large graphs on a budget},
    journal= {CoRR},
	Year = {2011}}

@article{Potamias_K_2010,
	Author = {Potamias, M and Bonchi, F and Gionis, A and Kollios, G},	
	Date-Modified = {2016-09-12 21:45:36 +0000},
	Title = {K-nearest neighbors in uncertain graphs},
	Year = {2010},
	journal={VLDB}}

@article{Jin_Distance_2011,
	Author = {Jin, R and Liu, L and Ding, B and Wang, H},
	Title = {Distance-constraint reachability computation in uncertain graphs},
	Year = {2011},
    Journal={VLDB}}

@article{Colbourn_Colbourn_1987, 
	title={The combinatorics of network reliability},
	author={Colbourn and Colbourn}, 
	year={1987}}


    
% weighted network applications 
@article{Cho_Friendship_2011,
  author={Cho, Eunjoon and Myers, Seth A and Leskovec, Jure},
  title={Friendship and mobility: user movement in location-based social networks},
  year={2011},
  journal={KDD}
}

@article{Lin_B2B,
 author = {Lin, Mingfeng and Lin, Mei and Kauffman, Robert J.},
 title = {From Clickstreams to Searchstreams: Search Network Graph Evidence from a B2B e-Market},
 journal = {ICEC},
 year = {2012}
} 

@article{ZhangSensorNetwork,
 author = {Zhang, Liang and Chen, Shigang and Jian, Ying and Fang, Yuguang and Mo, Zhen},
 title = {Maximizing Lifetime Vector in Wireless Sensor Networks},
 journal = {IEEE/ACM Trans. Netw.},
 year = {2013}
} 

// anonymization techniques 
@article{Hay_Anonymizing_2007,
  author={Hay, Michael and Miklau, Gerome and Jensen, David and Weis, Philipp and Srivastava, Siddharth},
  title={Anonymizing social networks},
  year={2007}
}
@article{backstrom2007wherefore,
  author = {Backstrom, L and Dwork, C and Kleinberg, J},
  year = {2007},
  title = {Wherefore art thou r3579x?: anonymized social networks, hidden patterns, and structural steganography},
  journal={WWW}
}

@article{Liu_Towards_2008,
  author={Liu, Kun and Terzi, Evimaria},
  title={Towards identity anonymization on graphs},
  isbn={9781605581026},
  year={2008},
  journal={SIGMOD}
}

@article{Zhou_Preserving_2008,
  title={Preserving Privacy in Social Networks Against Neighborhood Attacks},
  author={Zhou, Bin and Pei, Jian},
  year={2008},
  journal={ICDE}
}

@article{Cormode_Anonymizing_2008,
  title={Anonymizing bipartite graph data using safe groupings},
  author={Cormode, G and Srivastava, D and Yu, T and Zhang, Q},
  year={2008},
  journal={VLDB},
}

@article{Ying_Randomizing_2008,
  year={2008},
  title={Randomizing Social Networks: a Spectrum Preserving Approach.},
  author={Ying, Xiaowei and Wu, Xintao},
  journal={SIAM}
}

@article{Thompson_The_2009,
  title={The union-split algorithm and cluster-based anonymization of social networks},
  author={Thompson, Brian and Yao, Danfeng},
  publisher={acm},
  year={2009}
}

@article{Ying2009,
	author = {Ying, Xiaowei and Pan, Kai and Wu, Xintao and Guo, Ling},
	title = {Comparisons of Randomization and K-degree Anonymization Schemes for Privacy Preserving Social Network Publishing},
	journal = {SNA-KDD},
	year = {2009},
} 
@article{Liu_Privacy_2009,
  author={Liu, L and Wang, J and Liu, J and Zhang, J},
  title={Privacy preservation in social networks with sensitive edge weights},
  journal={SDM},
  year={2009}
}

@article{Bhagat_Class_2009,
  title={Class-based graph anonymization for social network data},
  author={Bhagat, Smriti and Cormode, Graham and Krishnamurthy, Balachander and Srivastava, Divesh},
  year={2009},
  journal={VLDB}
}

@article{hay2010resisting,
  author = {Hay, Michael and Miklau, Gerome and Jensen, David and Towsley, Don and Li, Chao},
  year = {2010},
  title = {Resisting structural re-identification in anonymized social networks},
  journal = {VLDB}
}

@article{Wu_k_2010,
  title={k-symmetry model for identity anonymization in social networks},
  author={Wu, Wentao and Xiao, Yanghua and Wang, Wei and He, Zhenying and Wang, Zhihui},
  journal={EDBT},
  year={2010}
}
@article{Das_Anonymizing_2010,
  author={Das, Sudipto and Egecioglu, Omer and Abbadi, Amr},
  title={Anonymizing weighted social network graphs},
  year={2010},
  pages={904-907},
  journal={ICDE}
}

@article{Wang2011,
 author = {Wang, Yazhe and Xie, Long and Zheng, Baihua and Lee, Ken C. K.},
 title = {Utility-oriented K-anonymization on Social Networks},
 journal = {DASFAA},
 year = {2011}
} 

@article{Boldi_Injecting_2012,
	Author = {Boldi, Paolo and Bonchi, Francesco and Gionis, Aristides and Tassa, Tamir},
	Title = {Injecting uncertainty in graphs for identity obfuscation},
    journal={VLDB},
	Year = {2012}
 }

@article{Skarkala_Privacy_2012,
	author={Skarkala, {ME} and Maragoudakis, M and Gritzalis, S and Mitrou, L and Toivonen, H and Moen, P},
	title={Privacy Preservation by {k-Anonymization} of Weighted Social Networks},
	journal={ASONAM},
	year={2012}
}


@article{Mittal_Preserving_2013,
	Author = {Mittal, P and Papamanthou, C and Song, D},
	Title = {Preserving link privacy in social network based systems},
	Year = {2013},
    journal={NDSS}}

@article{Wang_Shortest_2013,
	author={Wang, {Shyue-Liang} and Tsai, {Yu-Chuan} and Kao, {Hung-Yu} and Ting, {I-Hsien} and Hong, {Tzung-Pei}},
	title={Shortest paths anonymization on weighted graphs},
	year={2013},
	journal={International Journal of Software Engineering and Knowledge Engineering}
}

@article{Bonchi_Identity_2014,
	Author = {Bonchi, Francesco and Gionis, Aristides and Tassa, Tamir},
	Title = {Identity obfuscation in graphs through the information theoretic lens},
    journal={ICDE},
	Year = {2014}
}

@article{casasprivacy,
  title={Privacy-Preserving on Graphs Using Randomization and Edge-Relevance},
  author={Casas-Roma, Jordi},
  journal={Modeling Decisions for Artificial Intelligence},
  year={2015}
}

@article{Nguyen_Anonymizing_2015,
	Author = {Nguyen, {HH} and Imine, A and Rusinowitch, M},
	Title = {Anonymizing Social Graphs via Uncertainty Semantics},
    journal={CCS},
	Year = {2015}}

@article{Ninggal_Utility_2015,
  author={Ninggal, Mohd and Abawajy, Jemal H},
  title={Utility-aware social network graph anonymization},
  journal={J Netw Comput Appl},
  year={2015}
}


@article{Hartung_Theory_2015,
  year={2015},
  title={The Complexity of Degree Anonymization by Graph Contractions},
  author={Hartung, Sepp and Talmon, Nimrod},
  journal={TAMC}
}

@article{MOBall, 
	author={M. O. Ball}, 
	journal={IEEE Transactions on Reliability}, 
	title={Computational Complexity of Network Reliability Analysis: An Overview}, 
	year={1986}
}


% B2B networks applications 
@misc{alsina2015targeting,
	title={Targeting customer segments},
	author={Alsina, T. and Wilson, D.T. and Joshi, S.A. and Sundaresan, S.},
	year={2015},
	publisher={Google Patents}
}

@article{Abrahams20132777,
	title = "Audience targeting by B-to-B advertisement classification: A neural network approach ",
	journal = "Expert Systems with Applications ",
	year = "2013",
	author = "Alan S. Abrahams and Eloise Coupey and Eva X. Zhong and Reza Barkhi and Pete S. Manasantivongs"
}

@article{Sweeney:2002:KAM:774544.774552,
 author = {Sweeney, Latanya},
 title = {K-anonymity: A Model for Protecting Privacy},
 journal = {Int. J. Uncertain. Fuzziness Knowl.-Based Syst.},
 year = {2002}
} 

@article{Wredman:1989:CPC:73007.73040,
 author = {Fredman, M. and Saks, M.},
 title = {The Cell Probe Complexity of Dynamic Data Structures},
 journal = {STOC},
 year = {1989}
} 

@article{lee2011,
  author = {Lee, Jaewoo and Clifton, Chris},
  journal={ISC},
  year = {2011},
  title = {How Much Is Enough? Choosing $\epsilon$ for Differential Privacy}
}


%dataset 
@misc{snapnets,
	Author = {Leskovec, Jure and Krevl, Andrej},
	Howpublished = {http://snap.stanford.edu/data/brightKite},
	Title = {{SNAP Datasets}: {Stanford} Large Network Dataset Collection},
	Year = 2014
}
@mis{dblps,
	Author ={Michael Ley},
	Howpublished = {http://dblp.uni-trier.de/xml/},
	Title= {DBLP — Some Lessons Learned},
	Year = {2009}
}

% sharing graph with differential privacy 
@article{Sala_Sharing_2011,
  title={Sharing graphs using differentially private graph models},
  journal={IMC},
  year={2011},
  author={Sala, A and Zhao, X and Wilson, C and Zheng, H},
}

@article{Proserpio_2012,
 author = {Proserpio, Davide and Goldberg, Sharon and McSherry, Frank},
 title = {A Workflow for Differentially-private Graph Synthesis},
 journal={WOSN},
 year = {2012},
} 


@article{Xiao_Differentially_2014,
  title={Differentially private network data release via structural inference},
  author={Xiao, Qian and Chen, Rui and Tan, {Kian-Lee}},
  year={2014},
  journal={KDD}
}

@article{Wang_2013,
author="Wang, Yue and Wu, Xintao and Wu, Leting",
title="Differential Privacy Preserving Spectral Graph Analysis",
year={2013},
journal={PAKDD}
}

@article{Day:2016,
 author = {Day, Wei-Yen and Li, Ninghui and Lyu, Min},
 journal = {SIGMOD},
 year = {2016},
 title={Publishing Graph Degree Distribution with Node Differential Privacy}
} 

@article{Xiao:2018,
  title={Sharing Uncertain Graphs Using Syntactic Private Graph Models},
  author={Dongqing, Xiao and Mohamed Y, Eltabakh and Xiangnan, Kong},
  year={2018},
  journal={ICDE}
}

@article{Zou:2009,
  title={K-automorphism: A General Framework for Privacy Preserving Network Publication},
  author={Zou, Lei and Chen, Lei and \"{O}zsu, M. Tamer},
  year={2009},
  journal={Proc. VLDB Endow.}
}

